@incollection{hachey2011graph,
  title={Graph-based named entity linking with wikipedia},
  author={Hachey, Ben and Radford, Will and Curran, James R},
  booktitle={Web Information System Engineering--WISE 2011},
  pages={213--226},
  year={2011},
  publisher={Springer}
}

@article{moro2014entity,
  title={Entity linking meets word sense disambiguation: a unified approach},
  author={Moro, Andrea and Raganato, Alessandro and Navigli, Roberto},
  journal={Transactions of the Association for Computational Linguistics},
  volume={2},
  pages={231--244},
  year={2014}
}

@inproceedings{ratinov2009design,
  title={Design challenges and misconceptions in named entity recognition},
  author={Ratinov, Lev and Roth, Dan},
  booktitle={Proceedings of the Thirteenth Conference on Computational Natural Language Learning},
  pages={147--155},
  year={2009},
  organization={Association for Computational Linguistics}
}

@inproceedings{zhou2002named,
  title={Named entity recognition using an HMM-based chunk tagger},
  author={Zhou, GuoDong and Su, Jian},
  booktitle={proceedings of the 40th Annual Meeting on Association for Computational Linguistics},
  pages={473--480},
  year={2002},
  organization={Association for Computational Linguistics}
}

@inproceedings{niu2003bootstrapping,
  title={A bootstrapping approach to named entity classification using successive learners},
  author={Niu, Cheng and Li, Wei and Ding, Jihong and Srihari, Rohini K},
  booktitle={Proceedings of the 41st Annual Meeting on Association for Computational Linguistics-Volume 1},
  pages={335--342},
  year={2003},
  organization={Association for Computational Linguistics}
}

@article{etzioni2005unsupervised,
  title={Unsupervised named-entity extraction from the web: An experimental study},
  author={Etzioni, Oren and Cafarella, Michael and Downey, Doug and Popescu, Ana-Maria and Shaked, Tal and Soderland, Stephen and Weld, Daniel S and Yates, Alexander},
  journal={Artificial intelligence},
  volume={165},
  number={1},
  pages={91--134},
  year={2005},
  publisher={Elsevier}
}

@inproceedings{graus2014semanticizing,
  title={Semanticizing search engine queries: the University of Amsterdam at the ERD 2014 challenge},
  author={Graus, David and Odijk, Daan and Tsagkias, Manos and Weerkamp, Wouter and De Rijke, Maarten},
  booktitle={Proceedings of the first international workshop on Entity recognition \& disambiguation},
  pages={69--74},
  year={2014},
  organization={ACM}
}

@article{bosch2007efficient,
  title={An efficient memory-based morphosyntactic tagger and parser for Dutch},
  author={Bosch, Antal van den and Busser, Bertjan and Canisius, Sander and Daelemans, Walter},
  journal={LOT Occasional Series},
  volume={7},
  pages={191--206},
  year={2007},
  publisher={LOT, Netherlands Graduate School of Linguistics}
}

@article{rocktaschel2012chemspot,
  title={ChemSpot: a hybrid system for chemical named entity recognition},
  author={Rockt{\"a}schel, Tim and Weidlich, Michael and Leser, Ulf},
  journal={Bioinformatics},
  volume={28},
  number={12},
  pages={1633--1640},
  year={2012},
  publisher={Oxford Univ Press}
}

@incollection{buitinck2012two,
  title={Two-stage named-entity recognition using averaged perceptrons},
  author={Buitinck, Lars and Marx, Maarten},
  booktitle={Natural Language Processing and Information Systems},
  pages={171--176},
  year={2012},
  publisher={Springer}
}

@article{daelemans2004timbl,
  title={Timbl: Tilburg memory-based learner},
  author={Daelemans, Walter and Zavrel, Jakub and van der Sloot, Kurt and Van den Bosch, Antal},
  journal={Tilburg University},
  year={2004}
}

@article{nadeau2006unsupervised,
  title={Unsupervised named-entity recognition: Generating gazetteers and resolving ambiguity},
  author={Nadeau, David and Turney, Peter and Matwin, Stan},
  year={2006}
}  

@article{kazama2008inducing,
  title={Inducing gazetteers for named entity recognition by large-scale clustering of dependency relations},
  author={Kazama, Junâ€™ichi and Torisawa, Kentaro},
  journal={Proceedings of ACL-08: HLT},
  pages={407--415},
  year={2008}
}

@article{desmet2014fine,
  title={Fine-grained Dutch named entity recognition},
  author={Desmet, Bart and Hoste, V{\'e}ronique},
  journal={Language resources and evaluation},
  volume={48},
  number={2},
  pages={307--343},
  year={2014},
  publisher={Springer}
}

@article{daelemans2010mbt,
  title={Mbt: memory-based tagger},
  author={Daelemans, Walter and Zavrel, Jakub and Van den Bosch, Antal and Van der Sloot, Ko},
  journal={Version},
  volume={3},
  pages={10--04},
  year={2010}
}

@article{bosch1996morphological,
  title={Morphological analysis as classification: an inductive-learning approach},
  author={Bosch, Antal van den and Daelemans, Walter and Weijters, Ton},
  journal={arXiv preprint cmp-lg/9607021},
  year={1996}
}

@article{daelemans1999forgetting,
  title={Forgetting exceptions is harmful in language learning},
  author={Daelemans, Walter and Van Den Bosch, Antal and Zavrel, Jakub},
  journal={Machine learning},
  volume={34},
  number={1-3},
  pages={11--41},
  year={1999},
  publisher={Springer}
}

@inproceedings{cucerzan2007large,
  title={Large-Scale Named Entity Disambiguation Based on Wikipedia Data.},
  author={Cucerzan, Silviu},
  booktitle={EMNLP-CoNLL},
  volume={7},
  pages={708--716},
  year={2007}
}